@book{kirk2012programming,
  title={Programming massively parallel processors: a hands-on approach},
  author={Kirk, David B. and Hwu, Wen-mei},
  year={2012},
  publisher={Morgan-Kaufmann}
}

@misc{clang,
  title={OpenMP~4.0 on NVIDIA CUDA GPUs},
  howpublished={\url{https://parallel-computing.pro/index.php/9-cuda/43-openmp-4-0-on-nvidia-cuda-gpus}},
  note={Accessed April 29, 2016}
}

@book{wolfe,
	author = {Wolfe, Michael Joseph},
	title = {High Performance Compilers for Parallel Computing},
	year = {1995},
	publisher = {Addison-Wesley},
	address = {Boston, MA},
}

@book{kennedy,
	author = {Allen, John R. and Kennedy, Ken},
	title = {Optimizing Compilers for Modern Architectures: A Dependence-based Approach},
	year = {2002},
	publisher = {Morgan Kaufmann Publishers Inc.},
	address = {San Francisco, CA},
}

@INPROCEEDINGS{polybench, 
author={S. Grauer-Gray and L. Xu and R. Searles and S. Ayalasomayajula and J. Cavazos}, 
booktitle={Innovative Parallel Computing (InPar), 2012}, 
title={Auto-tuning a high-level language targeted to GPU codes}, 
year={2012}, 
pages={1--10}, 
doi={10.1109/InPar.2012.6339595}, 
month={May},
}

@misc{epcc,
  title={{EPCC} {OpenACC} Benchmark Suite},
  howpublished={\url{https://www.epcc.ed.ac.uk/research/computing/performance-characterisation-and-benchmarking/epcc-openacc-benchmark-suite}},
  note={Accessed April 29, 2016}
}
