@book{kirk2012programming,
  title={Programming massively parallel processors: a hands-on approach},
  author={Kirk, David B. and Hwu, Wen-mei},
  year={2012},
  publisher={Morgan-Kaufmann}
}

@misc{clang,
  title={OpenMP~4.0 on NVIDIA CUDA GPUs},
  howpublished={\url{https://parallel-computing.pro/index.php/9-cuda/43-openmp-4-0-on-nvidia-cuda-gpus}},
  note={Accessed April 29, 2016}
}

@book{wolfe,
	author = {Wolfe, Michael Joseph},
	title = {High Performance Compilers for Parallel Computing},
	year = {1995},
	publisher = {Addison-Wesley},
	address = {Boston, MA},
}

@book{kennedy,
	author = {Allen, John R. and Kennedy, Ken},
	title = {Optimizing Compilers for Modern Architectures: A Dependence-based Approach},
	year = {2002},
	publisher = {Morgan Kaufmann Publishers Inc.},
	address = {San Francisco, CA},
}
